<record><leader>00000cas a22000007a 4500</leader><controlfield tag="001">20807817</controlfield><controlfield tag="008">891220d18811941mnuwr ne      0    0eng d</controlfield><datafield ind1=" " ind2=" " tag="010"><subfield code="a">sn 89064380 </subfield></datafield><datafield ind1=" " ind2=" " tag="040"><subfield code="a">MN#</subfield><subfield code="b">eng</subfield><subfield code="c">MN#</subfield><subfield code="d">OCLCQ</subfield><subfield code="d">OCLCF</subfield><subfield code="d">OCLCO</subfield></datafield><datafield ind1=" " ind2=" " tag="042"><subfield code="a">msc</subfield></datafield><datafield ind1=" " ind2=" " tag="043"><subfield code="a">n-us-mn</subfield></datafield><datafield ind1=" " ind2=" " tag="052"><subfield code="a">4144</subfield><subfield code="b">F5</subfield></datafield><datafield ind1=" " ind2=" " tag="052"><subfield code="a">4143</subfield><subfield code="b">O6</subfield></datafield><datafield ind1="0" ind2="0" tag="245"><subfield code="a">Fergus Falls weekly journal.</subfield></datafield><datafield ind1="1" ind2="7" tag="246"><subfield code="a">Fergus Falls journal</subfield></datafield><datafield ind1=" " ind2=" " tag="260"><subfield code="a">Fergus Falls, Minn. :</subfield><subfield code="b">A.J. Underwood,</subfield><subfield code="c">1881-</subfield></datafield><datafield ind1=" " ind2=" " tag="300"><subfield code="a">v.</subfield></datafield><datafield ind1=" " ind2=" " tag="310"><subfield code="a">Weekly</subfield></datafield><datafield ind1="0" ind2=" " tag="362"><subfield code="a">Vol. 8, no. 47 (May 27, 1881)-</subfield></datafield><datafield ind1="1" ind2=" " tag="362"><subfield code="a">Ceased in 1941?</subfield></datafield><datafield ind1=" " ind2=" " tag="530"><subfield code="a">Available on microfilm from the Minnesota Historical Society.</subfield></datafield><datafield ind1=" " ind2="0" tag="651"><subfield code="a">Fergus Falls (Minn.)</subfield><subfield code="v">Newspapers.</subfield></datafield><datafield ind1=" " ind2="7" tag="655"><subfield code="a">Newspapers.</subfield><subfield code="2">fast</subfield><subfield code="0">(OCoLC)fst01423814</subfield></datafield><datafield ind1=" " ind2="7" tag="651"><subfield code="a">Minnesota</subfield><subfield code="z">Fergus Falls.</subfield><subfield code="2">fast</subfield><subfield code="0">(OCoLC)fst01208412</subfield></datafield><datafield ind1=" " ind2=" " tag="752"><subfield code="a">United States</subfield><subfield code="b">Minnesota</subfield><subfield code="c">Otter Tail</subfield><subfield code="d">Fergus Falls.</subfield></datafield><datafield ind1="0" ind2=" " tag="775"><subfield code="t">Fergus Falls daily journal</subfield><subfield code="w">(DLC)sn 89064377</subfield></datafield><datafield ind1="0" ind2=" " tag="775"><subfield code="t">Fergus Falls semi-weekly journal</subfield><subfield code="w">(DLC)sn 89064379</subfield></datafield><datafield ind1="0" ind2="1" tag="780"><subfield code="t">Fergus Falls journal</subfield><subfield code="w">(DLC)sn 84024324</subfield></datafield><datafield ind1="0" ind2="5" tag="780"><subfield code="t">Democrat (Fergus Falls, Minn. : 1888)</subfield><subfield code="w">(DLC)sn 89064386</subfield></datafield><datafield ind1="0" ind2="5" tag="780"><subfield code="t">Fergus Falls weekly telegram</subfield><subfield code="w">(DLC)sn 89064388</subfield></datafield><datafield ind1="0" ind2="5" tag="780"><subfield code="t">Otter Tail County farmer</subfield><subfield code="w">(DLC)sn 91059452</subfield></datafield></record>